plant reprogramming
@article{sakamoto2022transcriptional,
  title={Transcriptional activation of auxin biosynthesis drives developmental reprogramming of differentiated cells},
  author={Sakamoto, Yuki and Kawamura, Ayako and Suzuki, Takamasa and Segami, Shoji and Maeshima, Masayoshi and Polyn, Stefanie and De Veylder, Lieven and Sugimoto, Keiko},
  journal={The Plant Cell},
  volume={34},
  number={11},
  pages={4348--4365},
  year={2022},
  publisher={Oxford University Press}
}
遺伝子発現1
@article{xiao2012transcriptome,
  title={Transcriptome of protoplasts reprogrammed into stem cells in Physcomitrella patens},
  author={Xiao, Lihong and Zhang, Liechi and Yang, Ge and Zhu, Honglin and He, Yikun},
  journal={PloS one},
  volume={7},
  number={4},
  pages={e35961},
  year={2012},
  publisher={Public Library of Science San Francisco, USA}
}
遺伝子発現2
@article{sakamoto2022transcriptional,
  title={Transcriptional activation of auxin biosynthesis drives developmental reprogramming of differentiated cells},
  author={Sakamoto, Yuki and Kawamura, Ayako and Suzuki, Takamasa and Segami, Shoji and Maeshima, Masayoshi and Polyn, Stefanie and De Veylder, Lieven and Sugimoto, Keiko},
  journal={The Plant Cell},
  volume={34},
  number={11},
  pages={4348--4365},
  year={2022},
  publisher={Oxford University Press}
}
celltocell interaction
@article{farhadifar2007influence,
  title={The influence of cell mechanics, cell-cell interactions, and proliferation on epithelial packing},
  author={Farhadifar, Reza and R{\"o}per, Jens-Christian and Aigouy, Benoit and Eaton, Suzanne and J{\"u}licher, Frank},
  journal={Current biology},
  volume={17},
  number={24},
  pages={2095--2104},
  year={2007},
  publisher={Elsevier}
}
sc RNA-seq
@article{kolodziejczyk2015technology,
  title={The technology and biology of single-cell RNA sequencing},
  author={Kolodziejczyk, Aleksandra A and Kim, Jong Kyoung and Svensson, Valentine and Marioni, John C and Teichmann, Sarah A},
  journal={Molecular cell},
  volume={58},
  number={4},
  pages={610--620},
  year={2015},
  publisher={Elsevier}
}
single cell RNA seq arabidopsis
@article{shahan2022single,
  title={A single-cell Arabidopsis root atlas reveals developmental trajectories in wild-type and cell identity mutants},
  author={Shahan, Rachel and Hsu, Che-Wei and Nolan, Trevor M and Cole, Benjamin J and Taylor, Isaiah W and Greenstreet, Laura and Zhang, Stephen and Afanassiev, Anton and Vlot, Anna Hendrika Cornelia and Schiebinger, Geoffrey and others},
  journal={Developmental cell},
  volume={57},
  number={4},
  pages={543--560},
  year={2022},
  publisher={Elsevier}
}
protoplast
@article{pasternak2020single,
  title={From single cell to plants: mesophyll protoplasts as a versatile system for investigating plant cell reprogramming},
  author={Pasternak, Taras and Lystvan, Kateryna and Betekhtin, Alexander and Hasterok, Robert},
  journal={International Journal of Molecular Sciences},
  volume={21},
  number={12},
  pages={4195},
  year={2020},
  publisher={MDPI}
}
moonshot 
@article{moonshotHarada,
  author   = {{原田 香奈子}},
  title    = {ムーンショット型研究開発事業 人とAIロボットの創造的共進化によるサイエンス開拓},
  howpublished = {https://sites.google.com/g.ecc.u-tokyo.ac.jp/moonshot-ai-science-robot/}
}
ando work
@inproceedings{ando2024single,
  title={Single Protoplasts Pickup System Combining Brightfield and Confocal Images},
  author={Ando, Daito and Turan, Bilal and Amaya, Satoshi and Ukai, Yuko and Sato, Yoshikatsu and Arai, Fumihito},
  booktitle={2024 IEEE/RSJ International Conference on Intelligent Robots and Systems (IROS)},
  pages={12774--12779},
  year={2024},
  organization={IEEE}
}
confocal microscope
@article{paddock2000principles,
  title={Principles and practices of laser scanning confocal microscopy},
  author={Paddock, Stephen W},
  journal={Molecular biotechnology},
  volume={16},
  pages={127--149},
  year={2000},
  publisher={Springer}
}
% Robotics Transformer
@article{o2023open,
  title={Open x-embodiment: Robotic learning datasets and rt-x models},
  author={O'Neill, Abby and Rehman, Abdul and Gupta, Abhinav and Maddukuri, Abhiram and Gupta, Abhishek and Padalkar, Abhishek and Lee, Abraham and Pooley, Acorn and Gupta, Agrim and Mandlekar, Ajay and others},
  journal={arXiv preprint arXiv:2310.08864},
  year={2023}
}
% VLM
@article{zhou2022learning,
  title={Learning to prompt for vision-language models},
  author={Zhou, Kaiyang and Yang, Jingkang and Loy, Chen Change and Liu, Ziwei},
  journal={International Journal of Computer Vision},
  volume={130},
  number={9},
  pages={2337--2348},
  year={2022},
  publisher={Springer}
}
% sim 2 real
@inproceedings{zhao2020sim,
  title={Sim-to-real transfer in deep reinforcement learning for robotics: a survey},
  author={Zhao, Wenshuai and Queralta, Jorge Pe{\~n}a and Westerlund, Tomi},
  booktitle={2020 IEEE symposium series on computational intelligence (SSCI)},
  pages={737--744},
  year={2020},
  organization={IEEE}
}
% GPT3
@article{brown2020language,
  title={Language models are few-shot learners},
  author={Brown, Tom and Mann, Benjamin and Ryder, Nick and Subbiah, Melanie and Kaplan, Jared D and Dhariwal, Prafulla and Neelakantan, Arvind and Shyam, Pranav and Sastry, Girish and Askell, Amanda and others},
  journal={Advances in neural information processing systems},
  volume={33},
  pages={1877--1901},
  year={2020}
}
% BERT
@inproceedings{kenton2019bert,
  title={Bert: Pre-training of deep bidirectional transformers for language understanding},
  author={Kenton, Jacob Devlin Ming-Wei Chang and Toutanova, Lee Kristina},
  booktitle={Proceedings of naacL-HLT},
  volume={1},
  number={2},
  year={2019},
  organization={Minneapolis, Minnesota}
}
Deep learning godfelow
@book{Goodfellow2016,
    title={Deep Learning},
    author={Ian Goodfellow and Yoshua Bengio and Aaron Courville},
    publisher={MIT Press},
    note={\url{http://www.deeplearningbook.org}},
    year={2016}
}
yang le cun CNN(LeNet)
@article{lecun1998gradient,
  title={Gradient-based learning applied to document recognition},
  author={LeCun, Yann and Bottou, L{\'e}on and Bengio, Yoshua and Haffner, Patrick},
  journal={Proceedings of the IEEE},
  volume={86},
  number={11},
  pages={2278--2324},
  year={1998},
  publisher={Ieee}
}
MOT benchmark 1
@article{dendorfer2020mot20,
  title={Mot20: A benchmark for multi object tracking in crowded scenes},
  author={Dendorfer, P},
  journal={arXiv preprint arXiv:2003.09003},
  year={2020}
}
MOT benchmark2
@article{milan2016mot16,
  title={MOT16: A benchmark for multi-object tracking},
  author={Milan, Anton},
  journal={arXiv preprint arXiv:1603.00831},
  year={2016}
}
deepsort
@inproceedings{wojke2017simple,
  title={Simple online and realtime tracking with a deep association metric},
  author={Wojke, Nicolai and Bewley, Alex and Paulus, Dietrich},
  booktitle={2017 IEEE international conference on image processing (ICIP)},
  pages={3645--3649},
  year={2017},
  organization={IEEE}
}
strong sort
@article{du2023strongsort,
  title={Strongsort: Make deepsort great again},
  author={Du, Yunhao and Zhao, Zhicheng and Song, Yang and Zhao, Yanyun and Su, Fei and Gong, Tao and Meng, Hongying},
  journal={IEEE Transactions on Multimedia},
  volume={25},
  pages={8725--8737},
  year={2023},
  publisher={IEEE}
}
Camo-mot (3d point)
@article{wang2023camo,
  title={Camo-mot: Combined appearance-motion optimization for 3d multi-object tracking with camera-lidar fusion},
  author={Wang, Li and Zhang, Xinyu and Qin, Wenyuan and Li, Xiaoyu and Gao, Jinghan and Yang, Lei and Li, Zhiwei and Li, Jun and Zhu, Lei and Wang, Hong and others},
  journal={IEEE Transactions on Intelligent Transportation Systems},
  volume={24},
  number={11},
  pages={11981--11996},
  year={2023},
  publisher={IEEE}
}
deepfusionmot (3d point)
@article{wang2022deepfusionmot,
  title={Deepfusionmot: A 3d multi-object tracking framework based on camera-lidar fusion with deep association},
  author={Wang, Xiyang and Fu, Chunyun and Li, Zhankun and Lai, Ying and He, Jiawei},
  journal={IEEE Robotics and Automation Letters},
  volume={7},
  number={3},
  pages={8260--8267},
  year={2022},
  publisher={IEEE}
}
% instance segmemtation review
@article{hafiz2020survey,
  title={A survey on instance segmentation: state of the art},
  author={Hafiz, Abdul Mueed and Bhat, Ghulam Mohiuddin},
  journal={International journal of multimedia information retrieval},
  volume={9},
  number={3},
  pages={171--189},
  year={2020},
  publisher={Springer}
}
% patricle filtering
@article{smal2008particle,
  title={Particle filtering for multiple object tracking in dynamic fluorescence microscopy images: Application to microtubule growth analysis},
  author={Smal, Ihor and Draegestein, Katharina and Galjart, Niels and Niessen, Wiro and Meijering, Erik},
  journal={IEEE transactions on medical imaging},
  volume={27},
  number={6},
  pages={789--804},
  year={2008},
  publisher={IEEE}
}
% quatum dots
@ARTICLE{1621229,
  author={Genovesio, A. and Liedl, T. and Emiliani, V. and Parak, W.J. and Coppey-Moisan, M. and Olivo-Marin, J.-C.},
  journal={IEEE Transactions on Image Processing}, 
  title={Multiple particle tracking in 3-D+t microscopy: method and application to the tracking of endocytosed quantum dots}, 
  year={2006},
  volume={15},
  number={5},
  pages={1062-1070},
  keywords={Particle tracking;Microscopy;Quantum dots;Biology computing;Biological system modeling;Image sequences;Multidimensional systems;Fluorescence;Data mining;Information analysis;Bayesian filtering;cell biology;data association;microscopy;multiple particle tracking;quantum dots},
  doi={10.1109/TIP.2006.872323}}

% YOLACT(instance segmentation)
@InProceedings{Bolya_2019_ICCV,
author = {Bolya, Daniel and Zhou, Chong and Xiao, Fanyi and Lee, Yong Jae},
title = {YOLACT: Real-Time Instance Segmentation},
booktitle = {Proceedings of the IEEE/CVF International Conference on Computer Vision (ICCV)},
month = {October},
year = {2019}
}
% MOT Review
@article{luo2021multiple,
  title={Multiple object tracking: A literature review},
  author={Luo, Wenhan and Xing, Junliang and Milan, Anton and Zhang, Xiaoqin and Liu, Wei and Kim, Tae-Kyun},
  journal={Artificial intelligence},
  volume={293},
  pages={103448},
  year={2021},
  publisher={Elsevier}
}
3d active mesh
@ARTICLE{5676210,
  author={Dufour, Alexandre and Thibeaux, Roman and Labruyere, Elisabeth and Guillen, Nancy and Olivo-Marin, Jean-Christophe},
  journal={IEEE Transactions on Image Processing}, 
  title={3-D Active Meshes: Fast Discrete Deformable Models for Cell Tracking in 3-D Time-Lapse Microscopy}, 
  year={2011},
  volume={20},
  number={7},
  pages={1925-1937},
  keywords={Three dimensional displays;Image segmentation;Computational modeling;Deformable models;Biology;Solid modeling;Minimization;Biological image sequence;cell tracking;deformable models;3-D active meshes},
  doi={10.1109/TIP.2010.2099125}}

% YOLO
@inproceedings{redmon2016you,
  title={You only look once: Unified, real-time object detection},
  author={Redmon, J},
  booktitle={Proceedings of the IEEE conference on computer vision and pattern recognition},
  year={2016}
}
% SORT
@inproceedings{bewley2016simple,
  title={Simple online and realtime tracking},
  author={Bewley, Alex and Ge, Zongyuan and Ott, Lionel and Ramos, Fabio and Upcroft, Ben},
  booktitle={2016 IEEE international conference on image processing (ICIP)},
  pages={3464--3468},
  year={2016},
  organization={IEEE}
}
% DeepSORT
@inproceedings{wojke2017simple,
  title={Simple online and realtime tracking with a deep association metric},
  author={Wojke, Nicolai and Bewley, Alex and Paulus, Dietrich},
  booktitle={2017 IEEE international conference on image processing (ICIP)},
  pages={3645--3649},
  year={2017},
  organization={IEEE}
}
% StrongSORT
@article{du2023strongsort,
  title={Strongsort: Make deepsort great again},
  author={Du, Yunhao and Zhao, Zhicheng and Song, Yang and Zhao, Yanyun and Su, Fei and Gong, Tao and Meng, Hongying},
  journal={IEEE Transactions on Multimedia},
  volume={25},
  pages={8725--8737},
  year={2023},
  publisher={IEEE}
}
% motpy
% yolo v1 to v10
@article{alif2024yolov1,
  title={YOLOv1 to YOLOv10: A comprehensive review of YOLO variants and their application in the agricultural domain},
  author={Alif, Mujadded Al Rabbani and Hussain, Muhammad},
  journal={arXiv preprint arXiv:2406.10139},
  year={2024}
}
% yolo v10
@article{wang2024yolov10,
  title={Yolov10: Real-time end-to-end object detection},
  author={Wang, Ao and Chen, Hui and Liu, Lihao and Chen, Kai and Lin, Zijia and Han, Jungong and Ding, Guiguang},
  journal={arXiv preprint arXiv:2405.14458},
  year={2024}
}
% kalman filter
@article{bishop2001introduction,
  title={An introduction to the kalman filter},
  author={Bishop, Gary and Welch, Greg and others},
  journal={Proc of SIGGRAPH, Course},
  volume={8},
  number={27599-23175},
  pages={41},
  year={2001}
}
@book{adachi2012kalman,
  author={{足立 修一} and {丸田 一郎}},
  title={カルマンフィルタの基礎},
  publisher={東京電機大学出版局},
  year={2012}
}
% GPT: Pre-Training
@article{radford2018improving,
  title={Improving language understanding by generative pre-training},
  author={Radford, Alec},
  year={2018}
}
% R-CNN
@inproceedings{girshick2014rich,
  title={Rich feature hierarchies for accurate object detection and semantic segmentation},
  author={Girshick, Ross and Donahue, Jeff and Darrell, Trevor and Malik, Jitendra},
  booktitle={Proceedings of the IEEE conference on computer vision and pattern recognition},
  pages={580--587},
  year={2014}
}
% Fast R-CNN
@article{girshick2015fast,
  title={Fast r-cnn},
  author={Girshick, Ross},
  journal={arXiv preprint arXiv:1504.08083},
  year={2015}
}
% Faster R-CNN
@article{ren2016faster,
  title={Faster R-CNN: Towards real-time object detection with region proposal networks},
  author={Ren, Shaoqing and He, Kaiming and Girshick, Ross and Sun, Jian},
  journal={IEEE transactions on pattern analysis and machine intelligence},
  volume={39},
  number={6},
  pages={1137--1149},
  year={2016},
  publisher={IEEE}
}
% hungarian algorithm
@article{kuhn1955hungarian,
  title={The Hungarian method for the assignment problem},
  author={Kuhn, Harold W},
  journal={Naval research logistics quarterly},
  volume={2},
  number={1-2},
  pages={83--97},
  year={1955},
  publisher={Wiley Online Library}
}
byte track
@inproceedings{zhang2022bytetrack,
  title={Bytetrack: Multi-object tracking by associating every detection box},
  author={Zhang, Yifu and Sun, Peize and Jiang, Yi and Yu, Dongdong and Weng, Fucheng and Yuan, Zehuan and Luo, Ping and Liu, Wenyu and Wang, Xinggang},
  booktitle={European conference on computer vision},
  pages={1--21},
  year={2022},
  organization={Springer}
}
HOTA
@article{luiten2021hota,
  title={Hota: A higher order metric for evaluating multi-object tracking},
  author={Luiten, Jonathon and Osep, Aljosa and Dendorfer, Patrick and Torr, Philip and Geiger, Andreas and Leal-Taix{\'e}, Laura and Leibe, Bastian},
  journal={International journal of computer vision},
  volume={129},
  pages={548--578},
  year={2021},
  publisher={Springer}
}